<collection xmlns="http://www.loc.gov/MARC21/slim">
<record>
  <leader>01596nam0a22002771i 450 </leader>
  <controlfield tag="001">IT\ICCU\CNCE\023900</controlfield>
  <controlfield tag="005">20040503000000.0</controlfield>
  <datafield tag="012" ind1=" " ind2=" ">
    <subfield code="a">.mvi vium xoos biex (3) 1514 (R)</subfield>
    <subfield code="2">fei</subfield>
  </datafield>
  <datafield tag="100" ind1=" " ind2=" ">
    <subfield code="a">19970721d1514        0itac0103    ba</subfield>
  </datafield>
  <datafield tag="101" ind1=" " ind2=" ">
    <subfield code="a">LAT</subfield>
  </datafield>
  <datafield tag="102" ind1=" " ind2=" ">
    <subfield code="a">IT</subfield>
  </datafield>
  <datafield tag="200" ind1="1" ind2=" ">
    <subfield code="a">Formulare advocatorum et procuratorium Romanae Curie et Regii Parlamenti. Practicam secundum iura communia clarissime ostendens continens et tradens formam Commissionum libellorum, articulorum, protestationum, ... plurimorumque que advocatis notarijs et procuratoribus masci me necessariam sunt et oportuna. ...  Quisquis amat lector: hec bene pressa legos</subfield>
  </datafield>
  <datafield tag="210" ind1=" " ind2=" ">
    <subfield code="a">Mediolani</subfield>
    <subfield code="c">per Ioannem de Castellonio imprensis Ioannis Iacobi et fratrum de Lignano</subfield>
    <subfield code="d">anno domini 1514 die xiij mensis Aprilis</subfield>
  </datafield>
  <datafield tag="215" ind1=" " ind2=" ">
    <subfield code="a">\103! c.</subfield>
    <subfield code="d">4ʻ</subfield>
  </datafield>
  <datafield tag="300" ind1=" " ind2=" ">
    <subfield code="a">E&apos; LA 19484 !!!</subfield>
  </datafield>
  <datafield tag="620" ind1=" " ind2=" ">
    <subfield code="a">IT</subfield>
    <subfield code="d">Milano</subfield>
  </datafield>
  <datafield tag="712" ind1="0" ind2="0">
    <subfield code="a">Castiglione, Giovanni</subfield>
    <subfield code="3">IT\ICCU\CNCT\000211</subfield>
    <subfield code="4">650</subfield>
  </datafield>
  <datafield tag="712" ind1="0" ind2="0">
    <subfield code="a">Da_Legnano, Giovanni Giacomo &amp; fratelli</subfield>
    <subfield code="3">IT\ICCU\CNCT\001554</subfield>
    <subfield code="4">650</subfield>
  </datafield>
  <datafield tag="791" ind1="0" ind2="0">
    <subfield code="a">Castilioneus, Zanotus</subfield>
    <subfield code="3">IT\ICCU\CNCT\003664</subfield>
    <subfield code="z">Castiglione, Giovanni</subfield>
  </datafield>
  <datafield tag="791" ind1="0" ind2="0">
    <subfield code="a">Castelliono, Iohannes de</subfield>
    <subfield code="3">IT\ICCU\CNCT\004534</subfield>
    <subfield code="z">Castiglione, Giovanni</subfield>
  </datafield>
  <datafield tag="791" ind1="0" ind2="0">
    <subfield code="a">Castelliono, Zanotus de</subfield>
    <subfield code="3">IT\ICCU\CNCT\004535</subfield>
    <subfield code="z">Castiglione, Giovanni</subfield>
  </datafield>
  <datafield tag="791" ind1="0" ind2="0">
    <subfield code="a">Castione, Zanoto de</subfield>
    <subfield code="3">IT\ICCU\CNCT\004538</subfield>
    <subfield code="z">Castiglione, Giovanni</subfield>
  </datafield>
  <datafield tag="791" ind1="0" ind2="0">
    <subfield code="a">Castilione, Iohannetus de</subfield>
    <subfield code="3">IT\ICCU\CNCT\004539</subfield>
    <subfield code="z">Castiglione, Giovanni</subfield>
  </datafield>
  <datafield tag="791" ind1="0" ind2="2">
    <subfield code="a">Zanotto da Castiglione</subfield>
    <subfield code="3">IT\ICCU\CNCT\004540</subfield>
    <subfield code="z">Castiglione, Giovanni</subfield>
  </datafield>
  <datafield tag="801" ind1=" " ind2="3">
    <subfield code="a">IT</subfield>
    <subfield code="b">ICCU</subfield>
    <subfield code="c">20201114</subfield>
  </datafield>
  <datafield tag="899" ind1=" " ind2=" ">
    <subfield code="a">Nuova biblioteca pubblica Luigi Fumi. Orvieto</subfield>
    <subfield code="1">TR0022</subfield>
    <subfield code="2">UM1 06</subfield>
  </datafield>
</record>
</collection>
